@article{denis2012de,
  title={(D{\'e}) synchro-Shadok. Animation, musique concr{\`e}te et ing{\'e}nierie {\`a} l’ORTF},
  author={Denis, S{\'e}bastien},
  journal={Interm{\'e}dialit{\'e}s: Histoire et th{\'e}orie des arts, des lettres et des techniques/Intermediality: History and Theory of the Arts, Literature and Technologies},
  number={19},
  pages={103--120},
  year={2012},
  publisher={Revue interm{\'e}dialit{\'e}s (Presses de l’Universit{\'e} de Montr{\'e}al)}
}
